<?xml version="1.0" encoding="UTF-8"?><collection xmlns="http://www.loc.gov/MARC21/slim"><record><leader>00447nam--2200133-i-4500</leader><controlfield tag="001">000034013</controlfield><controlfield tag="002">20161230</controlfield><controlfield tag="005">20161230201039</controlfield><controlfield tag="008">060222s1000------------r-----000-0-eng-d</controlfield><datafield ind1=" " ind2=" " tag="100"><subfield code="a">Moscalev, A.G</subfield></datafield><datafield ind1=" " ind2=" " tag="245"><subfield code="a">Reglajul automat al frecventei in sistemele energetice. trad.din l.rusa, numai pentru documentare</subfield></datafield><datafield ind1=" " ind2=" " tag="260"><subfield code="a">[Bucuresti], Ed.Energ.De Stat, 1954, 149p.Cu Ilustr</subfield></datafield><datafield ind1=" " ind2=" " tag="490"><subfield code="a">Minist.Energ.Electrice Si Industr.Electrotehnice</subfield></datafield><datafield ind1=" " ind2=" " tag="852"><subfield code="a">3456</subfield></datafield></record></collection>